<?xml version="1.0" encoding="UTF-8"?><collection xmlns="http://www.loc.gov/MARC21/slim"><record><leader>00396nam--2200121-i-4500</leader><controlfield tag="001">000019270</controlfield><controlfield tag="002">20161230</controlfield><controlfield tag="005">20161230201033</controlfield><controlfield tag="008">060222s1000------------r-----000-0-eng-d</controlfield><datafield ind1=" " ind2=" " tag="080"><subfield code="a">621.39</subfield></datafield><datafield ind1=" " ind2=" " tag="245"><subfield code="a">Conferinta de telecomunicatii. telecommunication conference.bucuresti, 15-17 noiembrie 1971</subfield></datafield><datafield ind1=" " ind2=" " tag="260"><subfield code="a">Bucuresti, Consiliul National Al Inginerilor Si Tehnicienilor, 1971./Pag.Dif.</subfield></datafield><datafield ind1=" " ind2=" " tag="852"><subfield code="a">35286</subfield></datafield></record></collection>